%articoli
@article{article:computersecurity,
    author = {Lara Saidia Fasc√≠a and Marco Fisichella and Gianluca Lax and Chenyi Qian},
    title = {Disarming visualization-based approaches in malware detection systems},
    year = {2022},
    url = {http://www.google.com},
    doi = {10.1109/IITCEE59897.2024.10467665},
}

@article{article:Goodfellow2014,
    author = {Ian J. Goodfellow and Jean Pouget-Abadie and Mehdi Mirza and Bing Xu and David Warde-Farley and Sherjil Ozair and Aaron Courville and Yoshua Bengio},
    title = {Generative Adversarial Nets},
    year = {2014},
    url = {https://proceedings.neurips.cc/paper_files/paper/2014/file/5ca3e9b122f61f8f06494c97b1afccf3-Paper.pdf},
    doi = {10.1109/IITCEE59897.2024.10467665},
}

@article{article:ExpertSystems,
    author = {Osho Sharma and Akashdeep Sharma and Arvind Kalia},
    title = {MIGAN: GAN for facilitating malware image synthesis with improved malware classification on novel dataset},
    year = {2024},
    url = {http://www.google.com},
    doi = {10.1109/IITCEE59897.2024.10467665},
}


@article{article:DeepLearningForCyberthreats,
    author = {Akhil M R and Adithya Krishna V Sharma and Abhijith Nadig and Sumathi A and Ashray Shetty and Pavan A},
    title = {Deep Learning for Cyberthreats: Performance Analysis and Application of Malware Classification in Edge Computing},
    year = {2024},
    url = {http://www.google.com},
    doi = {10.1109/IITCEE59897.2024.10467665},
}

@article{article:migan,
    author = {Masataka Kawai, Kaoru Ota, Mianxing Dong},
    title = {Improved MalGAN: Avoiding Malware Detector by Leaning Cleanware Features},
    year = {2019},
    url = {http://www.google.com},
    doi = {10.1109/IITCEE59897.2024.10467665},
}

@article{article:evagan, 
    author = {Rizwan Hamid Randhawa, Nauman Aslam, Mohammad Alauthman, Muhammad Khalid, Husnain Rafiq},
    title   = {Deep reinforcement learning based Evasion Generative Adversarial Network for botnet detection},
    year   = {2024},
    url     = {https://www.sciencedirect.com/science/article/pii/S0167739X23003369}
}

@article{article:gmadv, 
    author = {Shuangcheng Li, Zhangguo Tang a, Huanzhou Li, Jian Zhang, Han Wang, Junfeng Wang},
    title   = {GMADV: An android malware variant generation and classification adversarial training framework},
    year   = {2024}, 
    url     = {https://www.sciencedirect.com/science/article/pii/S2214212624001030}
}

@article{article:syndroid, 
    author  = {Junhao Li, Junjiang He, Wenshan Li, Wenbo Fang, Geying Yang, Tao Li},
    title   = {SynDroid: An adaptive enhanced Android malware classification method based on CTGAN-SVM},
    year    = {2024},
    url     = {https://www.sciencedirect.com/science/article/pii/S016740482300514X}
}

@article{article:Leveraging_visual, 
    author  = {Jahez Abraham Johny, Vinod P., Asmitha K. A., G. Radhamani, Rafidha Rehiman K. A, Mauro Conti}, 
    title   = {Deep Learning Fusion For Effective Malware Detection: Leveraging Visual Features},
    url     = {https://ar5iv.labs.arxiv.org/html/2405.14311v1}
}

%siti

@online{site:detectiteasy,
    title   = {Detect It Easy},
    url     = {https://github.com/horsicq/Detect-It-Easy}
}

@online{site:avclass,
    title   = {AVClass2},
    url     = {https://github.com/malicialab/avclass}
}

@online{site:pythongraphgallery,
    title   = {Python Graph Gallery},
    url     = {https://python-graph-gallery.com/}
}

@online{site:machinelearningtutorials,
    title   = {Machine Learning Tutorials},
    url     = {https://github.com/maelfabien/Machine_Learning_Tutorials/blob/master/4-DeepLearning/GANs/GAN_MNIST.ipynb}
}

@online{site:malgan,
    title   = {Malware GAN attack},
    url     = {https://github.com/lzylucy/Malware-GAN-attack}
}

@online{site:bnsreenu,
    title   = {Machine Learning Tutorials},
    url     = {https://github.com/bnsreenu/python_for_microscopists}
}


