@book{womak:lean-thinking,
    author = {James P. Womack, Daniel T. Jones},
    title = {Lean Thinking, Second Editon},
    publisher = {Simon \& Schuster, Inc.},
    year = {2010}
}

@article{article:spooky,
  author = {Albert Einstein and Boris Podolsky and Nathan Rosen},
  title = {Can Quantum-Mechanical Description of Physical Reality be Considered Complete?},
  journal = {Physical Review},
  volume = {47},
  number = {10},
  pages = {777-780},
  year = {1935},
  doi = {10.1103/PhysRev.47.777},
}

@online{site:agile-manifesto,
    title = {Manifesto Agile},
    url = {http://agilemanifesto.org/iso/it/}
}
